@book{schneier,
    author = "Schneier, Bruce",
    title = "{{Applied Cryptography}}",
    edition = "Second",
    year = "1996",
    publisher = "John Wiley and Sons, Inc.",
    address = "605 Third Avenue, New York, N.Y., USA"
}

@book{matcrypt,
    author = "Hoffstein, Jeffrey and Pipher, Jill and Silverman, Joseph H.",
    title = "{{An Introduction to Mathematical Cryptography}}",
    year = "2008",
    publisher = "Springer",
    address = "233 Spring Street, New York, N.Y., USA"
}
